<?xml version="1.0" encoding="UTF-8"?><collection xmlns="http://www.loc.gov/MARC21/slim"><record><leader>00441nam--2200133-i-4500</leader><controlfield tag="001">000018116</controlfield><controlfield tag="002">20161230</controlfield><controlfield tag="005">20161230201032</controlfield><controlfield tag="008">060222s1000------------r-----000-0-eng-d</controlfield><datafield ind1=" " ind2=" " tag="080"><subfield code="a">622.67</subfield></datafield><datafield ind1=" " ind2=" " tag="100"><subfield code="a">Egorov, S.A</subfield></datafield><datafield ind1=" " ind2=" " tag="245"><subfield code="a">Sudarea prin puncte cu electrozi sub strat de flux.sub redactia candidatului de stiinte tehnice v.a.baladin.traducere din limba rusa</subfield></datafield><datafield ind1=" " ind2=" " tag="260"><subfield code="a">Bucuresti, Institutul De Documentare Tehnica, 1950.17 P</subfield></datafield><datafield ind1=" " ind2=" " tag="852"><subfield code="a">282</subfield></datafield></record></collection>